12100110999999π›º› ¿€≥                                08142606               010               20999999                 
22606À÷≥∫ﬁπ›º›∏–    020À÷≥∫ﬁ              19876543π›º› º÷≥ºﬁ                    00000000010                    0        
22606À÷≥∫ﬁπ›º›∏–    030ª›…–‘              29999999π›º›  ≈∫                      00000000020                    0        
22606À÷≥∫ﬁπ›º›∏–    030ª›…–‘              11234567π›º› ºﬁ€≥                     00000000030œ≤¬∑Ãﬁ›             0Y       
22606À÷≥∫ﬁπ›º›∏–    030ª›…–‘              11234567π›º› ºﬁ€≥                     00000000030200504001 000001    0        
8000004000000000009                                                                                                     
12100110999999π›º›  ≈∫                                08142606               010               20999999                 
22606À÷≥∫ﬁπ›º›∏–    020À÷≥∫ﬁ              19876543π›º› º÷≥ºﬁ                    00000000010                    0        
22606À÷≥∫ﬁπ›º›∏–    030ª›…–‘              29999999π›º› ¿€≥                      00000000020                    0        
2260002000000000012                                                                                                     
8000004000000000009                                                                                                     
12100110999999π›º› ’–∫                                08142606               010               20999999                 
22606À÷≥∫ﬁπ›º›∏–    030ª›…–‘              29999999π›º› ’≥∫                      00000000020                    0        
2260001000000000014                                                                                                     
8000004000000000009                                                                                                     
9  